<record><leader>00000cas a2200000 a 4500</leader><controlfield tag="001">35070283</controlfield><controlfield tag="008">960712d190019uumiudr ne      0    0eng c</controlfield><datafield ind1=" " ind2=" " tag="010"><subfield code="a">sn 96076836 </subfield></datafield><datafield ind1=" " ind2=" " tag="040"><subfield code="a">MHN</subfield><subfield code="b">eng</subfield><subfield code="c">MHN</subfield><subfield code="d">OCL</subfield><subfield code="d">OCLCQ</subfield><subfield code="d">OCLCF</subfield><subfield code="d">OCLCO</subfield></datafield><datafield ind1="1" ind2=" " tag="029"><subfield code="a">AU@</subfield><subfield code="b">000012679620</subfield></datafield><datafield ind1=" " ind2=" " tag="042"><subfield code="a">pcc</subfield></datafield><datafield ind1=" " ind2=" " tag="043"><subfield code="a">n-us-mi</subfield></datafield><datafield ind1="0" ind2="0" tag="245"><subfield code="a">Durand evening express.</subfield></datafield><datafield ind1="1" ind2="3" tag="246"><subfield code="a">Evening express</subfield></datafield><datafield ind1=" " ind2=" " tag="260"><subfield code="a">Durand, Mich. :</subfield><subfield code="b">Express Pub. Co.</subfield></datafield><datafield ind1=" " ind2=" " tag="300"><subfield code="a">v.</subfield></datafield><datafield ind1=" " ind2=" " tag="310"><subfield code="a">Daily</subfield></datafield><datafield ind1=" " ind2=" " tag="588"><subfield code="a">Description based on: 1st yr., no. 17 (Sept. 28, 1900).</subfield></datafield><datafield ind1=" " ind2="0" tag="651"><subfield code="a">Durand (Mich.)</subfield><subfield code="v">Newspapers.</subfield></datafield><datafield ind1=" " ind2="0" tag="651"><subfield code="a">Shiawassee County (Mich.)</subfield><subfield code="v">Newspapers.</subfield></datafield><datafield ind1=" " ind2="7" tag="655"><subfield code="a">Newspapers.</subfield><subfield code="2">fast</subfield><subfield code="0">(OCoLC)fst01423814</subfield></datafield><datafield ind1=" " ind2="7" tag="651"><subfield code="a">Michigan</subfield><subfield code="z">Durand.</subfield><subfield code="2">fast</subfield><subfield code="0">(OCoLC)fst01219922</subfield></datafield><datafield ind1=" " ind2="7" tag="651"><subfield code="a">Michigan</subfield><subfield code="z">Shiawassee County.</subfield><subfield code="2">fast</subfield><subfield code="0">(OCoLC)fst01214752</subfield></datafield><datafield ind1=" " ind2=" " tag="752"><subfield code="a">United States</subfield><subfield code="b">Michigan</subfield><subfield code="c">Shiawassee</subfield><subfield code="d">Durand.</subfield></datafield><datafield ind1="0" ind2="0" tag="780"><subfield code="t">Evening express (Durand, Mich.)</subfield><subfield code="w">(DLC)sn 96076835</subfield><subfield code="w">(OCoLC)35070377</subfield></datafield></record>